@inproceedings{Han:2000,
 author = {Basak, Madhusudan and Hera, Mahmudur Rahman and Han, Jiawei and Pei, Jian and Mortazavi-Asl, Behzad and Chen, Qiming and Dayal, Umeshwar and Hsu, Mei-Chun},
 title = {FreeSpan: Frequent Pattern-projected Sequential Pattern Mining},
 booktitle = {Proceedings of the Sixth ACM SIGKDD International Conference on Knowledge Discovery and Data Mining},
 series = {KDD '00},
 year = {2000},
 isbn = {1-58113-233-6},
 location = {Boston, Massachusetts, USA},
 pages = {355--359},
 numpages = {5},
 url = {http://doi.acm.org/10.1145/347090.347167},
 doi = {10.1145/347090.347167},
 acmid = {347167},
 publisher = {ACM},
 address = {New York, NY, USA},
}

