@article{Han:2000,
 author = {Han, Jiawei and Pei, Jian and Mortazavi-Asl, Behzad and Chen, Qiming and Dayal, Umeshwar and Hsu, Mei-Chun},
 title = {FreeSpan: Frequent Pattern-projected Sequential Pattern Mining},
 booktitle = {Proceedings of the Sixth ACM SIGKDD International Conference on Knowledge Discovery and Data Mining},
 series = {KDD '00},
 year = {2000},
 isbn = {1-58113-233-6},
 location = {Boston, Massachusetts, USA},
 pages = {355--359},
 numpages = {5},
 url = {http://doi.acm.org/10.1145/347090.347167},
 doi = {10.1145/347090.347167},
 acmid = {347167},
 publisher = {ACM},
 address = {New York, NY, USA},
} 


@inproceedings{Pei:2000,
 author = {Pei, Jian and Han, Jiawei},
 title = {Can We Push More Constraints into Frequent Pattern Mining?},
 booktitle = {Proceedings of the Sixth ACM SIGKDD International Conference on Knowledge Discovery and Data Mining},
 series = {KDD '00},
 year = {2000},
 isbn = {1-58113-233-6},
 location = {Boston, Massachusetts, USA},
 pages = {350--354},
 numpages = {5},
 url = {http://doi.acm.org/10.1145/347090.347166},
 doi = {10.1145/347090.347166},
 acmid = {347166},
 publisher = {ACM},
 address = {New York, NY, USA},
} 

@INPROCEEDINGS{Aditya:2017, 
author={S. P. Aditya and M. Hemanth and C. K. Lakshmikanth and K. R. Suneetha}, 
booktitle={2017 International Conference on IoT and Application (ICIOT)}, 
title={Effective algorithm for frequent pattern mining}, 
year={2017}, 
volume={}, 
number={}, 
pages={1-5}, 
keywords={Internet;data mining;frequent pattern mining;frequent patterns;frequent web pages;influential data mining algorithm;memory usage;time pattern discovery possible;Algorithm design and analysis;Data mining;Data preprocessing;Databases;Web pages;Association Rule;Support Count;Web Mining;Web Usage Mining}, 
doi={10.1109/ICIOTA.2017.8073615}, 
ISSN={}, 
month={May},}