@inproceedings{Han:2000,
 author = {Han, Jiawei and Pei, Jian and Mortazavi-Asl, Behzad and Chen, Qiming and Dayal, Umeshwar and Hsu, Mei-Chun},
 title = {FreeSpan: Frequent Pattern-projected Sequential Pattern Mining},
 booktitle = {Proceedings of the Sixth ACM SIGKDD International Conference on Knowledge Discovery and Data Mining},
 series = {KDD '00},
 year = {2000},
 isbn = {1-58113-233-6},
 location = {Boston, Massachusetts, USA},
 pages = {355--359},
 numpages = {5},
 url = {http://doi.acm.org/10.1145/347090.347167},
 doi = {10.1145/347090.347167},
 acmid = {347167},
 publisher = {ACM},
 address = {New York, NY, USA},
} 

@ARTICLE{Pei:2004, 
author={Jian Pei and Jiawei Han and B. Mortazavi-Asl and Jianyong Wang and H. Pinto and Qiming Chen and U. Dayal and Mei-Chun Hsu}, 
journal={IEEE Transactions on Knowledge and Data Engineering}, 
title={Mining sequential patterns by pattern-growth: the PrefixSpan approach}, 
year={2004}, 
volume={16}, 
number={11}, 
pages={1424-1440}, 
keywords={data mining;performance evaluation;very large databases;FreeSpan;data mining problem;pattern-growth approach;performance analysis;prefixspan approach;projected databases;pseudoprojection technique;sequence database;sequential pattern mining;transaction database;user-specified constraint;vertical data format;Application software;Association rules;Computer Society;Data mining;Explosives;Pattern analysis;Sequences;Sequential analysis;Time factors;Transaction databases;65;Index Terms- Data mining algorithm;frequent pattern;performance analysis.;scalability;sequence database;sequential pattern;transaction database}, 
doi={10.1109/TKDE.2004.77}, 
ISSN={1041-4347}, 
month={Nov},}

@inproceedings{Wang:2004,
  title={BIDE: Efficient mining of frequent closed sequences},
  author={Wang, Jianyong and Han, Jiawei},
  booktitle={Data Engineering, 2004. Proceedings. 20th International Conference on},
  pages={79--90},
  year={2004},
  organization={IEEE}
}